@Book{kottwitz,
author={KOTTWITZ, Stefan},
title={LaTeX Beginner's Guide},
publisher={Packt Publishing},
address={Olton, UK},
year={2011},
isbn={9781847199867}
}

@Book{haley,
author={HALEY, Allan},
title={Typography, Referenced : A Comprehensive Visual Guide to the Language, History, and Practice of Typography},
publisher={Rockport Publishers},
address={Osceola, US},
year={2012},
isbn={9781592537020}
}

@misc{citarna,
author={GEATWICK, Jane},
title={Od hlíny k digitálnímu zápisu – stručný vývoj písma a knihy o historii písma. In: \textit{Čítárny}},
howpublished={[online]},
year={2016},
note={[cit. 2018-04-16]. Dostupné z: \url{https://goo.gl/jrT94M}}
}

@misc{scribus,
author={HLAVATÝ, Martin},
title={Základní typografické pojmy: Co byste měli vědět o písmu. In: \textit{Scribus}},
howpublished={[online]},
year={2010},
note={[cit. 2018-04-16]. Dostupné z: \url{https://goo.gl/22tKYs}}
}

@misc{beebom,
author={SRIKANTH, An},
title={8 Best LaTeX Editors. In: \textit{Beebom}},
howpublished={[online]},
year={2018},
note={[cit. 2018-04-16]. Dostupné z: \url{https://beebom.com/best-latex-editors/}}
}

@Proceedings{cstug,
editor={Zdeněk Wagner},
title={Zpravodaj Československého sdružení uživatelů \TeX u  },
publisher={CSTUG},
address={Brno},
year={2008},
note={roč. 18, č. 4, ISSN 1211-6661},
}

@Article{pov,
author={WONG, Bang},
title={Points of view: Typography},
journal={Nature Methods},
year={2011},
note={roč. 8, č. 4, s. 277. ISSN 1548-7091}
}

@Article{rmets,
author={BALDWIN, Mark},
title={Typography \& Graphic Design},
journal={Quarterly Journal of the Royal Meteorological Society},
year={2010},
note={roč. 136, č. 646, s. 1. ISSN 0035-9009}
}

@MastersThesis{beranova,
author={BERANOVÁ, Markéta},
title={Fonty v \TeX u  },
school={Univerzita Palackého v Olomouci, Přírodovědecká fakulta},
type={bakalářská práce},
address={Olomouc},
year={2014}
}

@MastersThesis{bojko,
author={BOJKO, Pavel},
title={Problematika sazby odborného textu v prostředí \LaTeX  },
school={Jihočeská univerzita v Českých Budějovicích, Přírodovědecká fakulta},
type={bakalářská práce},
address={České Budějovice},
year={2011}
}
